<record><leader>00000cas a22000007a 4500</leader><controlfield tag="001">13922025</controlfield><controlfield tag="008">860724d18411844maucr ne      0    0eng d</controlfield><datafield ind1=" " ind2=" " tag="010"><subfield code="a">sn 86077065 </subfield></datafield><datafield ind1=" " ind2=" " tag="040"><subfield code="a">NPA</subfield><subfield code="b">eng</subfield><subfield code="c">NPA</subfield><subfield code="d">DLC</subfield><subfield code="d">MGN</subfield><subfield code="d">DLC</subfield><subfield code="d">OCLCA</subfield><subfield code="d">OCLCF</subfield></datafield><datafield ind1="1" ind2=" " tag="029"><subfield code="a">AU@</subfield><subfield code="b">000025806307</subfield></datafield><datafield ind1=" " ind2=" " tag="042"><subfield code="a">msc</subfield></datafield><datafield ind1=" " ind2=" " tag="043"><subfield code="a">n-us-ma</subfield></datafield><datafield ind1="0" ind2="0" tag="050"><subfield code="a">Newspaper</subfield></datafield><datafield ind1="0" ind2="0" tag="245"><subfield code="a">Salem advertiser and Argus.</subfield></datafield><datafield ind1="1" ind2="3" tag="246"><subfield code="a">Advertiser and Argus</subfield></datafield><datafield ind1=" " ind2=" " tag="260"><subfield code="a">Salem, Mass. :</subfield><subfield code="b">Henry Blaney</subfield></datafield><datafield ind1=" " ind2=" " tag="300"><subfield code="a">v. ;</subfield><subfield code="c">53 cm.</subfield></datafield><datafield ind1=" " ind2=" " tag="310"><subfield code="a">Semiweekly</subfield></datafield><datafield ind1="0" ind2=" " tag="362"><subfield code="a">Vol. 10, no. 31 (Oct. 16, 1841)-v. 13, no. 21 (Sept. 11, 1844).</subfield></datafield><datafield ind1=" " ind2=" " tag="500"><subfield code="a">Editors: Edward Palfray, 1841-June 17, 1843; Henry Blaney, June 21, 1843-1844.</subfield></datafield><datafield ind1=" " ind2=" " tag="500"><subfield code="a">Publisher varies.</subfield></datafield><datafield ind1=" " ind2="0" tag="651"><subfield code="a">Salem (Mass.)</subfield><subfield code="v">Newspapers.</subfield></datafield><datafield ind1=" " ind2="7" tag="655"><subfield code="a">Newspapers.</subfield><subfield code="2">fast</subfield><subfield code="0">(OCoLC)fst01423814</subfield></datafield><datafield ind1=" " ind2="7" tag="651"><subfield code="a">Massachusetts</subfield><subfield code="z">Salem.</subfield><subfield code="2">fast</subfield><subfield code="0">(OCoLC)fst01205839</subfield></datafield><datafield ind1="1" ind2=" " tag="700"><subfield code="a">Palfray, Edward.</subfield></datafield><datafield ind1="1" ind2=" " tag="700"><subfield code="a">Blaney, Henry.</subfield></datafield><datafield ind1=" " ind2=" " tag="752"><subfield code="a">United States</subfield><subfield code="b">Massachusetts</subfield><subfield code="c">Essex</subfield><subfield code="d">Salem.</subfield></datafield><datafield ind1="0" ind2="0" tag="780"><subfield code="t">Salem advertiser (Salem, Mass. : 1837)</subfield><subfield code="w">(DLC)sn 83020336</subfield><subfield code="w">(OCoLC)9328945</subfield></datafield><datafield ind1="0" ind2="0" tag="785"><subfield code="t">Salem advertiser (Salem, Mass. : 1844)</subfield><subfield code="w">(DLC)sn 83020337</subfield><subfield code="w">(OCoLC)9329031</subfield></datafield></record>